@inproceedings{douceur2002sybil,
  title={\href{https://www.cs.cornell.edu/people/egs/cs6460-spring10/sybil.pdf}{The sybil attack}},
  author={Douceur, John R},
  booktitle={International Workshop on Peer-to-Peer Systems},
  pages={251--260},
  year={2002},
  organization={Springer}
}

@article{nowak2005evolution,
  title={\href{http://www.nature.com/nature/journal/v437/n7063/abs/nature04131.html}{Evolution of indirect reciprocity}},
  author={Nowak, Martin A and Sigmund, Karl},
  journal={Nature},
  volume={437},
  number={7063},
  pages={1291--1298},
  year={2005},
  publisher={Nature Publishing Group}
}

@inproceedings{singh2006eclipse,
  title={\href{http://citeseerx.ist.psu.edu/viewdoc/summary?doi=10.1.1.124.3679}{Eclipse attacks on overlay networks: Threats and defenses}},
  author={Singh, Atul and others},
  booktitle={In IEEE INFOCOM},
  year={2006},
  organization={Citeseer}
}

@inproceedings{bhattacharjee2005avoiding,
  title={\href{http://citeseerx.ist.psu.edu/viewdoc/download?doi=10.1.1.65.588&rep=rep1&type=pdf}{Avoiding ballot stuffing in ebay-like reputation systems}},
  author={Bhattacharjee, Rajat and Goel, Ashish},
  booktitle={Proceedings of the 2005 ACM SIGCOMM workshop on Economics of peer-to-peer systems},
  pages={133--137},
  year={2005},
  organization={ACM}
}

@inproceedings{newsome2004sybil,
  title={\href{http://repository.cmu.edu/cgi/viewcontent.cgi?article=1041&context=ece}{The sybil attack in sensor networks: analysis \& defenses}},
  author={Newsome, James and Shi, Elaine and Song, Dawn and Perrig, Adrian},
  booktitle={Proceedings of the 3rd international symposium on Information processing in sensor networks},
  pages={259--268},
  year={2004},
  organization={ACM}
}

@inproceedings{seigneur2005trust,
  title={\href{https://cs.tcd.ie/publications/tech-reports/reports.05/TCD-CS-2005-47.pdf}{Trust transfer: Encouraging self-recommendations without sybil attack}},
  author={Seigneur, Jean-Marc and Gray, Alan and Jensen, Christian Damsgaard},
  booktitle={International Conference on Trust Management},
  pages={321--337},
  year={2005},
  organization={Springer}
}

@inproceedings{singh2003trustme,
  title={\href{http://ieeexplore.ieee.org/document/1231514/?arnumber=1231514}{TrustMe: anonymous management of trust relationships in decentralized P2P systems}},
  author={Singh, Aameek and Liu, Ling},
  booktitle={Peer-to-Peer Computing, 2003.(P2P 2003). Proceedings. Third International Conference on},
  pages={142--149},
  year={2003},
  organization={IEEE}
}

@article{viswanath2010analysis,
  title={\href{https://www.researchgate.net/profile/Krishna_P_Gummadi/publication/221164246_An_Analysis_of_Social_Network-Based_Sybil_Defenses/links/55b4c5a908ae092e9655685d.pdf}{An analysis of social network-based sybil defenses}},
  author={Viswanath, Bimal and Post, Ansley and Gummadi, Krishna P and Mislove, Alan},
  journal={ACM SIGCOMM Computer Communication Review},
  volume={40},
  number={4},
  pages={363--374},
  year={2010},
  publisher={ACM}
}

@inproceedings{meulpolder2009bartercast,
  title={\href{https://www.researchgate.net/profile/JA_Pouwelse/publication/228871839_Bartercast_A_practical_approach_to_prevent_lazy_freeriding_in_p2p_networks/links/02bfe5130f3f26d3d1000000.pdf}{Bartercast: A practical approach to prevent lazy freeriding in p2p networks}},
  author={Meulpolder, Michel and Pouwelse, Johan A and Epema, Dick HJ and Sips, Henk J},
  booktitle={Parallel \& Distributed Processing, 2009. IPDPS 2009. IEEE International Symposium on},
  pages={1--8},
  year={2009},
  organization={IEEE}
}

@inproceedings{kamvar2003eigentrust,
  title={\href{http://ilpubs.stanford.edu:8090/562/1/2002-56.pdf}{The eigentrust algorithm for reputation management in p2p networks}},
  author={Kamvar, Sepandar D and Schlosser, Mario T and Garcia-Molina, Hector},
  booktitle={Proceedings of the 12th international conference on World Wide Web},
  pages={640--651},
  year={2003},
  organization={ACM}
}

@article{resnick2002trust,
  title={\href{http://www.presnick.people.si.umich.edu/papers/ebayNBER/RZNBERBodegaBay.pdf}
  {Trust among strangers in internet transactions: Empirical analysis of ebay's reputation system}},
  author={Resnick, Paul and Zeckhauser, Richard},
  journal={The Economics of the Internet and E-commerce},
  volume={11},
  number={2},
  pages={23--25},
  year={2002}
}

@inproceedings{yu2006sybilguard,
  title={\href{https://scholar.google.com/scholar_url?url=https://wwwold.cs.umd.edu/class/fall2009/cmsc828r/PAPERS/SybilGuard_Acr1D1.tmp.pdf&hl=en&sa=T&oi=gsb-gga&ct=res&cd=0&ei=aW3-V9mvCIGzmAHBpqeQAw&scisig=AAGBfm0B75U_G0AxTE3mlnI4lumAM3b0Ow}
  {Sybilguard: defending against sybil attacks via social networks}},
  author={Yu, Haifeng and Kaminsky, Michael and Gibbons, Phillip B and Flaxman, Abraham},
  booktitle={ACM SIGCOMM Computer Communication Review},
  volume={36},
  number={4},
  pages={267--278},
  year={2006},
  organization={ACM}
}

@inproceedings{yu2008sybillimit,
  title={\href{http://citeseerx.ist.psu.edu/viewdoc/download?doi=10.1.1.367.7541&rep=rep1&type=pdf}
  {Sybillimit: A near-optimal social network defense against sybil attacks}},
  author={Yu, Haifeng and Gibbons, Phillip B and Kaminsky, Michael and Xiao, Feng},
  booktitle={2008 IEEE Symposium on Security and Privacy (sp 2008)},
  pages={3--17},
  year={2008},
  organization={IEEE}
}

@inproceedings{danezis2009sybilinfer,
  title={\href{https://www.internetsociety.org/sites/default/files/dane.pdf}{SybilInfer: Detecting Sybil Nodes using Social Networks.}},
  author={Danezis, George and Mittal, Prateek},
  booktitle={NDSS},
  year={2009},
  organization={San Diego, CA}
}

@article{rakesh2014survey,
  title={A Survey of techniques to defend against Sybil attacks in Social Networks},
  author={Rakesh, GV and Rangaswamy, Shanta and Hegde, Vinay and Shoba, G},
  journal={International Journal of Advanced Research in Computer and Communication Engineering},
  volume={3},
  number={5},
  year={2014}
}

@inproceedings{cheng2005sybilproof,
  title={\href{https://dl.acm.org/citation.cfm?id=1080202}
  {Sybilproof reputation mechanisms}},
  author={Cheng, Alice and Friedman, Eric},
  booktitle={Proceedings of the 2005 ACM SIGCOMM workshop on Economics of peer-to-peer systems},
  pages={128--132},
  year={2005},
  organization={ACM}
}

@article{seuken2011sybil,
  title={\href{http://nrs.harvard.edu/urn-3:HUL.InstRepos:4907301}
  {On the Sybil-proofness of accounting mechanisms}},
  author={Seuken, Sven and Parkes, David C},
  year={2011},
  publisher={Association for Computing Machinery}
}

@article{levine2006survey,
  title={\href{https://gnunet.org/sites/default/files/Tech\%20Report\%20-\%20A\%20Survey\%20of\%20Solutions\%20to\%20the\%20Sybil\%20Attack.pdf}
  {A survey of solutions to the sybil attack}},
  author={Levine, Brian Neil and Shields, Clay and Margolin, N Boris},
  journal={University of Massachusetts Amherst, Amherst, MA},
  volume={7},
  year={2006}
}

@article{mohaisen2013sybil,
  title={\href{https://arxiv.org/pdf/1312.6349v1.pdf}
  {The Sybil attacks and defenses: a survey}},
  author={Mohaisen, Aziz and Kim, Joongheon},
  journal={arXiv preprint arXiv:1312.6349},
  year={2013}
}

@inproceedings{dinger2006defending,
  title={\href{https://gnunet.org/sites/default/files/10.1.1.60.8756.pdf}
  {Defending the sybil attack in p2p networks: Taxonomy, challenges, and a proposal for self-registration}},
  author={Dinger, Jochen and Hartenstein, Hannes},
  booktitle={First International Conference on Availability, Reliability and Security (ARES'06)},
  pages={8--pp},
  year={2006},
  organization={IEEE}
}

@incollection{wallach2003survey,
  title={\href{http://citeseerx.ist.psu.edu/viewdoc/download?doi=10.1.1.436.9946&rep=rep1&type=pdf}
  {A survey of peer-to-peer security issues}},
  author={Wallach, Dan S},
  booktitle={Software Securityâ€”Theories and Systems},
  pages={42--57},
  year={2003},
  publisher={Springer}
}

@inproceedings{lua2007securing,
  title={\href{http://ieeexplore.ieee.org/document/4392202/}
  {Securing peer-to-peer overlay networks from sybil attack}},
  author={Lua, Eng Keong},
  booktitle={Communications and Information Technologies, 2007. ISCIT'07. International Symposium on},
  pages={1213--1218},
  year={2007},
  organization={IEEE}
}

@inproceedings{lesniewski2010whanau,
  title={\href{http://static.usenix.org/event/nsdi10/tech/full_papers/lesniewski-laas.pdf}
  {Whanau: A sybil-proof distributed hash table}},
  author={Lesniewski-Lass, Chris and Kaashoek, M Frans},
  year={2010},
  organization={NSDI}
}

@inproceedings{schaub2016trustless,
  title={\href{https://eprint.iacr.org/2016/016.pdf}
  {A trustless privacy-preserving reputation system}},
  author={Schaub, Alexander and Bazin, R{\'e}mi and Hasan, Omar and Brunie, Lionel},
  booktitle={IFIP International Information Security and Privacy Conference},
  pages={398--411},
  year={2016},
  organization={Springer}
}

@article{dennis2016rep,
  title={\href{http://infonomics-society.org/wp-content/uploads/ijds/published-papers/volume-7-2016/Rep-on-the-Roll-A-Peer-to-Peer-Reputation-System-Based-on-a-Rolling-Blockchain.pdf}
  {Rep on the Roll: A Peer to Peer Reputation System Based on a Rolling Blockchain}},
  author={Dennis, Richard and Owenson, Gareth},
  year={2016}
}